<record><leader>00000cas a2200000 a 4500</leader><controlfield tag="001">11215955</controlfield><controlfield tag="008">841001d19691973ksuer ne      0   a0eng c</controlfield><datafield ind1=" " ind2=" " tag="010"><subfield code="a">sn 84029864 </subfield></datafield><datafield ind1=" " ind2=" " tag="040"><subfield code="a">KSH</subfield><subfield code="b">eng</subfield><subfield code="c">KSH</subfield><subfield code="d">NPT</subfield><subfield code="d">MQN</subfield><subfield code="d">NST</subfield><subfield code="d">CNW</subfield><subfield code="d">EYM</subfield><subfield code="d">CVF</subfield><subfield code="d">WAU</subfield><subfield code="d">NYS</subfield><subfield code="d">OCLCQ</subfield><subfield code="d">OCLCF</subfield><subfield code="d">OCLCO</subfield><subfield code="d">OCLCA</subfield></datafield><datafield ind1=" " ind2=" " tag="012"><subfield code="i">9003</subfield></datafield><datafield ind1="1" ind2=" " tag="029"><subfield code="a">AU@</subfield><subfield code="b">000020340306</subfield></datafield><datafield ind1=" " ind2=" " tag="042"><subfield code="a">pcc</subfield></datafield><datafield ind1=" " ind2=" " tag="043"><subfield code="a">n-us-ks</subfield><subfield code="a">n-us-mo</subfield></datafield><datafield ind1="0" ind2=" " tag="130"><subfield code="a">Vortex (Lawrence, Kan.)</subfield></datafield><datafield ind1="1" ind2="0" tag="245"><subfield code="a">Vortex.</subfield></datafield><datafield ind1=" " ind2=" " tag="260"><subfield code="a">Lawrence [Kan.] ;</subfield><subfield code="a">K.C. [i.e. Kansas City, Mo.] :</subfield><subfield code="b">Reconstruction Press,</subfield><subfield code="c">1969-</subfield></datafield><datafield ind1=" " ind2=" " tag="300"><subfield code="a">v. :</subfield><subfield code="b">ill. ;</subfield><subfield code="c">45 cm.</subfield></datafield><datafield ind1=" " ind2=" " tag="310"><subfield code="a">Biweekly</subfield></datafield><datafield ind1="0" ind2=" " tag="362"><subfield code="a">Vol. 1, no. 1 (Sept. 23-Oct. 6, 1969)-</subfield></datafield><datafield ind1="1" ind2=" " tag="362"><subfield code="a">Ceased in 1973?</subfield></datafield><datafield ind1=" " ind2=" " tag="500"><subfield code="a">Special "Black Panther" ed. Dec. 17, 1969-Jan. 6, 1970.</subfield></datafield><datafield ind1=" " ind2=" " tag="500"><subfield code="a">Member Underground Press Syndicate and Liberation News Service.</subfield></datafield><datafield ind1=" " ind2=" " tag="530"><subfield code="a">Available on microfilm from UMI (Underground Newspaper/Press Collection).</subfield></datafield><datafield ind1=" " ind2=" " tag="580"><subfield code="a">Formed by the union of: Screw; and: Reconstruction.</subfield></datafield><datafield ind1=" " ind2=" " tag="580"><subfield code="a">Issued with: AWOL press, &lt;Dec. 17, [1969]/Jan. 6, [1970]-Apr. 15/30, [1970]&gt;</subfield></datafield><datafield ind1=" " ind2="0" tag="650"><subfield code="a">Underground press publications</subfield><subfield code="z">Kansas</subfield><subfield code="z">Lawrence.</subfield></datafield><datafield ind1=" " ind2="0" tag="651"><subfield code="a">Lawrence (Kan.)</subfield><subfield code="v">Newspapers.</subfield></datafield><datafield ind1=" " ind2="0" tag="651"><subfield code="a">Kansas City (Mo.)</subfield><subfield code="v">Newspapers.</subfield></datafield><datafield ind1=" " ind2="0" tag="651"><subfield code="a">Douglas County (Kan.)</subfield><subfield code="v">Newspapers.</subfield></datafield><datafield ind1=" " ind2="0" tag="651"><subfield code="a">Jackson County (Mo.)</subfield><subfield code="v">Newspapers.</subfield></datafield><datafield ind1=" " ind2="7" tag="655"><subfield code="a">Newspapers.</subfield><subfield code="2">fast</subfield><subfield code="0">(OCoLC)fst01423814</subfield></datafield><datafield ind1=" " ind2="7" tag="650"><subfield code="a">Underground press publications.</subfield><subfield code="2">fast</subfield><subfield code="0">(OCoLC)fst01160984</subfield></datafield><datafield ind1=" " ind2="7" tag="651"><subfield code="a">Kansas</subfield><subfield code="z">Douglas County.</subfield><subfield code="2">fast</subfield><subfield code="0">(OCoLC)fst01215492</subfield></datafield><datafield ind1=" " ind2="7" tag="651"><subfield code="a">Kansas</subfield><subfield code="z">Lawrence.</subfield><subfield code="2">fast</subfield><subfield code="0">(OCoLC)fst01212060</subfield></datafield><datafield ind1=" " ind2="7" tag="651"><subfield code="a">Missouri</subfield><subfield code="z">Jackson County.</subfield><subfield code="2">fast</subfield><subfield code="0">(OCoLC)fst01208103</subfield></datafield><datafield ind1=" " ind2="7" tag="651"><subfield code="a">Missouri</subfield><subfield code="z">Kansas City.</subfield><subfield code="2">fast</subfield><subfield code="0">(OCoLC)fst01204999</subfield></datafield><datafield ind1="2" ind2=" " tag="710"><subfield code="a">Underground Press Syndicate.</subfield></datafield><datafield ind1=" " ind2=" " tag="752"><subfield code="a">United States</subfield><subfield code="b">Kansas</subfield><subfield code="c">Douglas</subfield><subfield code="d">Lawrence.</subfield></datafield><datafield ind1=" " ind2=" " tag="752"><subfield code="a">United States</subfield><subfield code="b">Missouri</subfield><subfield code="c">Jackson</subfield><subfield code="d">Kansas City.</subfield></datafield><datafield ind1="1" ind2=" " tag="777"><subfield code="t">AWOL press</subfield><subfield code="w">(DLC)sn 89011694</subfield><subfield code="w">(OCoLC)17456322</subfield></datafield><datafield ind1="1" ind2="4" tag="780"><subfield code="t">Screw</subfield><subfield code="w">(DLC)sn 89066730</subfield><subfield code="w">(OCoLC)20398553</subfield></datafield><datafield ind1="1" ind2="4" tag="780"><subfield code="t">Reconstruction</subfield><subfield code="w">(DLC)sn 84030283</subfield><subfield code="w">(OCoLC)2488490</subfield></datafield><datafield ind1=" " ind2=" " tag="850"><subfield code="a">KU-S</subfield></datafield></record>